@online{exemple_de_source,
    title = "Un exemple de source en ligne",
    url  = "https://example.com/",
    addendum = "(Date de consultation: XX/XX/XXXX)"
}